@online{vault,
    author = {{Vault by HashiCorp}},
    title = {Secrets Management},
    url = {https://www.vaultproject.io/use-cases/secrets-management},
    urldate = {2024-03-17}
}

@online{vault-k8s,
    author = {Vault-k8s},
    title = {Injecting Secrets into Kubernetes Pods via Vault Agent Containers | Vault | HashiCorp Developer},
    url = {https://developer.hashicorp.com/vault/tutorials/kubernetes/kubernetes-sidecar?in=vault%2Fkubernetes},
    urldate = {2024-03-17}
}

@online{vault-api,
    author = {{Vault | HashiCorp Developer}},
    title = {HTTP API | Vault | HashiCorp Developer},
    url = {https://developer.hashicorp.com/vault/api-docs},
    urldate = {2024-03-20}
}

@online{vault-ui,
    author = {{Vault | HashiCorp Developer}},
    title = {Vault UI | Vault | HashiCorp Developer},
    url = {https://developer.hashicorp.com/vault/tutorials/getting-started/getting-started-ui},
    urldate = {2024-03-20}
}

@online{zahorscak,
    author = {Zahorscak, Adam},
    title = {Guide to Understanding Your Kubernetes Liveness Probes Best Practices},
    year = {2023},
    url = {https://www.fairwinds.com/blog/a-guide-to-understanding-kubernetes-liveness-probes-best-practices},
    urldate = {2024-03-20}
}

@online{odabasi,
    author = {Odabasi, Mehmet},
    title = {Kubernetes Probes Explained with an Emphasis on Liveness Probe through Hands-on Experience},
    year = {2022},
    month = {10},
    day = {27},
    url = {https://medium.com/@mehmetodabashi/kubernetes-probes-explained-with-an-emphasis-on-liveness-probe-through-hands-on-experience-71ac8192a64c},
    urldate = {2024-03-20}
}

@online{vault-kv,
    author = {{KV - Secrets Engines | Vault | HashiCorp Developer}},
    title = {KV - Secrets Engines | Vault | HashiCorp Developer},
    url = {https://developer.hashicorp.com/vault/docs/secrets/kv},
    urldate = {2024-03-20}
}

@online{kubernetes-probes,
    author = {{Kubernetes Probes}},
    title = {Configure Liveness, Readiness and Startup Probes},
    organization = {Kubernetes},
    url = {https://kubernetes.io/docs/tasks/configure-pod-container/configure-liveness-readiness-startup-probes/},
    urldate = {2024-03-20}
}
